@article{hmm,
  title={An Introduction to Hidden Markov Models},
  author={Rabiner, Lawrence R. and Juang, Biing-Hwang},
  journal={ASSP Magazine, IEEE},
  volume={3},
  number={1},
  pages={4--16},
  year={1986},
  publisher={IEEE}
}

@article{moises,
  title={Online model-based clustering for crisis identification in distributed computing},
  author={Woodard, Dawn B. and Goldszmidt, Moises},
  journal={Journal of the American Statistical Association},
  volume ={106},
  number={493},
  pages={49-60},
  year={2012},
  publisher={Taylor \& Francis}
}

@article{dpclustering,
  title={Bayesian density estimation and inference using mixtures},
  author={Escobar, Michael D and West, Mike},
  journal={Journal of the american statistical association},
  volume={90},
  number={430},
  pages={577--588},
  year={1995},
  publisher={Taylor \& Francis}
}

@article{neal2000markov,
  title={Markov chain sampling methods for Dirichlet process mixture models},
  author={Neal, Radford M},
  journal={Journal of computational and graphical statistics},
  volume={9},
  number={2},
  pages={249--265},
  year={2000},
  publisher={Taylor \& Francis Group}
}

@article{collapsed_escobar,
  title={Estimating normal means with a Dirichlet process prior},
  author={Escobar, Michael D},
  journal={Journal of the American Statistical Association},
  volume={89},
  number={425},
  pages={268--277},
  year={1994},
  publisher={Taylor \& Francis}
}

@article{dbindex,
  title={A cluster separation measure},
  author={Davies, David L and Bouldin, Donald W},
  journal={Pattern Analysis and Machine Intelligence, IEEE Transactions on},
  number={2},
  pages={224--227},
  year={1979},
  publisher={IEEE}
}

@book{constraintBook,
 author = {Basu, Sugato and Davidson, Ian and Wagstaff, Kiri},
 title = {Constrained Clustering: Advances in Algorithms, Theory, and Applications},
 year = {2008},
 edition = {1},
 publisher = {Chapman \& Hall/CRC},
}
